@article{Daniela2009,
  Author = { Daniela Ramminger PISSANTI;  Marcos Bassani RECH.},
  Title = {Determinação do coeficiente de condutividade térmica.},
  Year = {2009},
  Address = {Universidade Federal do Rio Grande do Sul},
 }

@article{PATIREJr2010,
  Author = {PATIRE Jr., H.},
  Title = {Determinação da carga térmica na parede da câmara de empuxo
de propulsores bipropelente usando método inverso. },
  Year = {2010},
  Address = {Instituto Tecnológico de
Aeronáutica, São José dos Campos.},
 }


@article{kistlerwc,
  Author = {Kistler},
  Title = {Temperature Conditioning Unit for Water-Cooled Pressure Sensor (Type 2621F).},
  Year = {2016},
 }

 @article{coolermaster,
  Author = {COOLERMASTER},
  Title = {MasterLiquid Pro 240 Product Sheet.},
  Year = {2016},
 }



@url{gba,
  Author = {GBA Watercooler},
  Title = {Como Escolher?},
  howpublished={\url{https://gbawatercooler.com.br/shop/index.php?route=product/category&path=116_119_133}},
  year = {2017},
  note = "[Acessado em 18/10/2017]"
}


@url{therma1,
  Author = {Thermaltake},
  Title = {Thermaltake Pacific Reef 240 Petg Diy LCS Blue CL-W120-CA12BU-A},
  howpublished={\url{http://www.thermaltake.com/products-model_Specification.aspx?id=C_00002632}},
  year = {2017},
  note = "[Acessado em 18/10/2017]"
}

 @article{mct2006,
  Author = {Ministério da Ciência e Tecnologia},
  Title = {Qualificação CMM e CMMI no Brasil},
  Year = {2006},
  Address = {Ministério da Ciência e Tecnologia},
 }

 @article{francis2012,
  Author = {Juliana de Fátima Fransiscani and Ligia Cristina Pestili},
  Title = {CMMI e MPS.BR: Um Estudo Comparativo},
  Year = {2012},
 }

 @article{softexmps,
  Author = {SOFTEX},
  Title = {MPS.BR - Melhoria de Processo do Software Brasileiro},
  Year = {2016},
 }

 @article{periardej,
  Author = {Gustavo Periard},
  Title = {Empresa Júnior – O Que é e Como Funciona},
  Year = {n.d}
 }

@book{davis,
  author = "Alan Davis",
  title = "Software Requirements",
  publisher = "PTR Prentice Hall",
  edition = "3",
  year = "1993"
}

@article{tese_doutorado,
  author = "Elias Canhadas Genvigir",
  title = "Um modelo para rastreabilidade de requisitos de software baseado em generalização de elos e atributos",
  year = "2009",
  URL = "http://mtc-m16c.sid.inpe.br/col/sid.inpe.br/mtc-m18@80/2009/03.02.14.17/doc/publicacao.pdf"
}

@misc{standishgroup,
  Author = {Standish Group},
  Title = {CHAOS Report},
  Year = {1994}
}

@book{leffingwell,
     author = "Dean Leffingwell",
     title = "Agile Software Requirements",
     chapter = "1",
     year = "2011"
}

+@book{RUP,
   author = "Ahmad K. Shuja & Jochen Krebs",
   title = "IBM Rational Unified Process Reference and Certification Guide: Solution Designer (RUP) (IBM Press)",
   chapter = "1",
   year = "2011"
 }
